@BOOK{REF:1,
AUTHOR="D. G. Morin",
TITLE="Deep neural networks for piano music transcription",
YEAR="2017",
},
@BOOK{REF:2,
AUTHOR="G. E. Poliner and D. P. Ellis",
TITLE="A discriminative model for polyphonic piano transcription",
PUBLISHER="EURASIP Journal on Applied Signal Processing, vol. 2007, no. 1, pp. 154",
YEAR="2007",
},
@BOOK{REF:3,
AUTHOR="J. Nam, J. Ngiam and H. Lee and M. Slaney",
TITLE="A classification-based polyphonic piano transcription approach using learned feature representations",
PUBLISHER="” Proceedings of the 12th International Society for Music Information Retrieval Conference, pp. 16-180",
YEAR="2011",
},
@BOOK{REF:4,
AUTHOR="K. Ullrich and E. van der Wel",
TITLE="Music transcription with convolutional sequence-to-sequence models",
PUBLISHER="” International Society for Music Information Retrieval",
YEAR="2017",
},
@BOOK{REF:5,
AUTHOR="B. L. Sturm, J. F. Santos and O. Ben-Tal and I. Korsunova",
TITLE="Music transcription modelling and composition using deep learning",
PUBLISHER="arXiv preprint arXiv:1604.08723",
YEAR="2016",
},
@BOOK{REF:6,
AUTHOR="S. Sigtia and E. Benetos and N. Boulanger-Lewandowski T. Weyde and A. S. d’Avila Garcez and S. Dixon",
TITLE="A hybrid recurrent neural network for music transcription",
PUBLISHER="IEEE International Conference on Acoustics, Speech, and Signal Processing, pp. 2061-2065",
YEAR="2015",
},
@BOOK{REF:7,
AUTHOR="S. Sigtia, E. Benetos and S. Dixon",
TITLE="An end-to-end neural network for polyphonic piano music transcription",
PUBLISHER="IEEE/ACM Trans. Audio Speech Lang. Process., 24, 927–939",
YEAR="2016",
},
@BOOK{REF:8,
AUTHOR="P. Smaragdis and J. C. Brown.",
TITLE="Non-negative matrix factorization for polyphonic music transcription",
PUBLISHER="In Applications of Signal Processing to Audio and Acoustics, 2003 IEEE Workshop on., pages 177–180. IEEE,",
YEAR="2003",
},
@BOOK{REF:9,
AUTHOR="V. Emiya, R. Badeau and B. David.",
TITLE="Multipitch estimation of piano sounds using a new probabilistic spectral smoothness principle",
PUBLISHER="IEEE Transactions on Audio, Speech, and Language Processing, 18(6):1643–1654",
YEAR="2010",
},
@BOOK{REF:10,
AUTHOR="Jonathan Sleep",
TITLE="AUTOMATIC MUSIC TRANSCRIPTION WITH CONVOLUTIONAL NEURAL NETWORKS USING INTUITIVE FILTER SHAPES",
PUBLISHER="A Thesis presented to the Faculty of California Polytechnic State University, San Luis Obispo",
YEAR="2017",
},
@BOOK{Goodfellow-et-al-2016,
	title={Deep Learning},
	author={Ian Goodfellow and Yoshua Bengio and Aaron Courville},
	publisher={MIT Press},
	note={\url{http://www.deeplearningbook.org}},
	year={2016}
},
@misc{Neuron,
	title = {{Neuron}},
	howpublished = "\url{https://en.wikipedia.org/wiki/Neuron}"
},
@BOOK{REF:11,
	AUTHOR="McCulloch, W.S. & Pitts",
	TITLE="A logical calculus of the ideas immanent in nervous activity",
	PUBLISHER="W. Bulletin of Mathematical Biophysics (1943) 5: 115",
	note={\url{https://doi.org/10.1007/BF02478259}},
	YEAR="1943",
},
@BOOK{REF:12,
	AUTHOR="Bangal, B. C.",
	TITLE="Automatic generation control of interconnected power systems using artificial neural network techniques",
	note={\url{https://doi.org/10.1007/BF02478259}},
	YEAR="2009",
},
@BOOK{REF:13,
	title = {{Everything you need to know about Neural Networks
	}},
	howpublished = "\url{https://hackernoon.com/everything-you-need-to-know-about-neural-networks-8988c3ee4491}",
	year={2018},
},
@misc{cnn,
	title = {{Convolutional neural networks}},
	howpublished = "\url{https://en.wikipedia.org/wiki/Convolutional_neural_network}"
},

@misc{physics_of_sound,
	title = {{Physics of sound}},
	howpublished = "\url{https://method-behind-the-music.com/mechanics/physics/}"
},
@misc{speed_of_sound,
	title = {{Speed of sound}},
	howpublished = "\url{https://en.wikipedia.org/wiki/Speed_of_sound}"
},
@misc{dsp,
	title = {{Digital Signal Processing}},
	howpublished = "\url{https://www.analog.com/en/design-center/landing-pages/001/beginners-guide-to-dsp.html}"
},
@BOOK{discrete,
	title={A Novel Windowing Technique for Efficient Computation of MFCC for Speaker Recognition},
	author={Sahidullah, Md.; Saha, Goutam},
	publisher={ IEEE Signal Processing Letters. 20 (2): 149–152},
	year={2013}
},
@BOOK{human_transcription,
	title={Automatic Music Transcription},
	author={Zhiyao Duan and Emmanouil Benetos},
	year={2015}
},
@misc{earliest_music_notation,
	title = {{Music notation}},
	howpublished = "\url{https://en.wikipedia.org/wiki/Musical_notation}"
},
@misc{transcription,
	title = {{Transcription}},
	howpublished = "\url{https://en.wikipedia.org/wiki/Transcription_(music)}"
},
@misc{constant_q,
	title = {{Constant-Q transform}},
	howpublished = "\url{https://en.wikipedia.org/wiki/Constant-Q_transform}"
},
@BOOK{benetos,
	title={A shift-invariant latent variable model for automatic music transcription},
	author={S. D. E. Benetos},
	year={2013}
},
@@misc{music_retrieval,
	title={Music Information Retrieval Evaluation eXchange.},
	howpublished = "\url{http://www.music-ir.
	org/mirex/wiki/2017:Multiple_Fundamental_Frequency_
	Estimation_\%26_Tracking_Results_-_MIREX_Dataset}"
},
@BOOK{glass_ceiling,
title={Automatic music transcription: Breaking the glass ceiling},
author={E. S. D. H. Anssi Klapuri},
year={2012}
},
@BOOK{instrument_identification,
title={Musical instrument identification in continuous recordings},
author={Arie Livshin and Xavier Rodet.},
year={2004}
},
@BOOK{semi-automatic,
title={Multi-template shift-variant non-negative matrix deconvolution for semi-automatic music transcription},
author={Holger Kirchhoff Simon Dixon and Anssi Klapuri},
year={2012}
},
@misc{cnn_git,
title = {Convolutional Neural Networks},
howpublished = "\url{https://cs231n.github.io/convolutional-networks/}"
},
@BOOK{maps,
title={Multipitch estimation of piano sounds using a new probabilistic spectral smoothness principle},
author={V. Emiya R. Badeau and B. David},
year={2008}
},
@misc{one-hot,
title = {One-hot encoding},
howpublished = "\url{https://en.wikipedia.org/wiki/One-hot}"
}




